<?xml version="1.0" encoding="UTF-8"?><collection xmlns="http://www.loc.gov/MARC21/slim"><record><leader>00541nam--2200181-u-4500</leader><controlfield tag="001">000054653</controlfield><controlfield tag="002">20161230</controlfield><controlfield tag="005">20161230201051</controlfield><controlfield tag="008">120510s1000------------r-----000-0-rus-d</controlfield><datafield ind1=" " ind2=" " tag="040"><subfield code="a">IFIN-HH</subfield></datafield><datafield ind1=" " ind2=" " tag="041"><subfield code="a">rus</subfield></datafield><datafield ind1=" " ind2=" " tag="080"><subfield code="a">539.143.43:535.3</subfield></datafield><datafield ind1="1" ind2=" " tag="100"><subfield code="a">Deigena, M.F</subfield></datafield><datafield ind1="1" ind2="0" tag="245"><subfield code="a">Elektriceskie effekti v radiospektroskopii</subfield><subfield code="b">Elektronnii paramagnitnii, dvoinoi elektronno-iadernii i paraelektriceskii rezonansi</subfield><subfield code="c">M.f. diegena</subfield></datafield><datafield ind1=" " ind2=" " tag="260"><subfield code="a">Moskva</subfield><subfield code="b">Mir</subfield><subfield code="c">1981</subfield></datafield><datafield ind1=" " ind2=" " tag="300"><subfield code="a">332P</subfield></datafield><datafield ind1=" " ind2=" " tag="852"><subfield code="a">70535</subfield><subfield code="c">539.143.43</subfield></datafield><datafield ind1=" " ind2=" " tag="CAT"><subfield code="a">Sys</subfield><subfield code="c">20120510</subfield><subfield code="h">200748</subfield></datafield></record></collection>